<record><leader>00000cas a22000007a 4500</leader><controlfield tag="001">21342504</controlfield><controlfield tag="008">900406d19751976ohuwr ne      0    0eng d</controlfield><datafield ind1=" " ind2=" " tag="010"><subfield code="a">sn 90068188 </subfield></datafield><datafield ind1=" " ind2=" " tag="040"><subfield code="a">ONP</subfield><subfield code="b">eng</subfield><subfield code="c">ONP</subfield><subfield code="d">OCLCQ</subfield></datafield><datafield ind1=" " ind2=" " tag="042"><subfield code="a">msc</subfield></datafield><datafield ind1="0" ind2=" " tag="130"><subfield code="a">Argus (Englewood, Ohio)</subfield></datafield><datafield ind1="1" ind2="0" tag="245"><subfield code="a">Argus.</subfield></datafield><datafield ind1=" " ind2=" " tag="260"><subfield code="a">Englewood, Ohio :</subfield><subfield code="b">Roof Pub. Corp.,</subfield><subfield code="c">1975-1976.</subfield></datafield><datafield ind1=" " ind2=" " tag="300"><subfield code="a">v.</subfield></datafield><datafield ind1=" " ind2=" " tag="310"><subfield code="a">Weekly</subfield></datafield><datafield ind1="0" ind2=" " tag="362"><subfield code="a">Vol. 14, no. 1 (Feb. 19, 1975)-v. 15, no. 13 (May 12, 1976).</subfield></datafield><datafield ind1=" " ind2=" " tag="752"><subfield code="a">United States</subfield><subfield code="b">Ohio</subfield><subfield code="c">Montgomery</subfield><subfield code="d">Englewood.</subfield></datafield><datafield ind1="0" ind2="0" tag="780"><subfield code="t">Englewood Argus Northmount</subfield><subfield code="w">(DLC)sn 90068187</subfield></datafield><datafield ind1="0" ind2="0" tag="785"><subfield code="t">Englewood Argus</subfield><subfield code="w">(DLC)sn 90068447</subfield></datafield><datafield ind1="1" ind2=" " tag="029"><subfield code="a">AU@</subfield><subfield code="b">000025873458</subfield></datafield></record>